<?xml version="1.0" encoding="UTF-8"?><collection xmlns="http://www.loc.gov/MARC21/slim"><record><leader>00588nam--2200169-i-4500</leader><controlfield tag="001">000001720</controlfield><controlfield tag="002">20161230</controlfield><controlfield tag="005">20161230201024</controlfield><controlfield tag="008">060222s1000------------r-----000-0-fre-d</controlfield><datafield ind1=" " ind2=" " tag="040"><subfield code="a">IFIN-HH</subfield></datafield><datafield ind1=" " ind2=" " tag="041"><subfield code="a">fre</subfield></datafield><datafield ind1=" " ind2=" " tag="080"><subfield code="a">061.3(A):539.143.43:535.375.5</subfield></datafield><datafield ind1="1" ind2=" " tag="100"><subfield code="a">Freyman,Rene</subfield></datafield><datafield ind1="1" ind2="0" tag="245"><subfield code="a">Parallele entre les dennees de la resonance magnetique nucleaire et les donnees des spectres de vibration (infrarouge, raman...) solides</subfield><subfield code="b">Ecole d'ete mangalia-nord, roumanie septembre 1969</subfield><subfield code="c">Rene freyman</subfield></datafield><datafield ind1=" " ind2=" " tag="260"><subfield code="a">/F.Loc.Ed.An</subfield></datafield><datafield ind1=" " ind2=" " tag="852"><subfield code="a">37362</subfield><subfield code="c">539.143.43</subfield></datafield><datafield ind1=" " ind2=" " tag="CAT"><subfield code="a">Sys</subfield><subfield code="c">20120508</subfield><subfield code="h">130655</subfield></datafield></record></collection>